<record><leader>00000cas a22000007a 4500</leader><controlfield tag="001">12610266</controlfield><controlfield tag="008">850927d18841946iaucr ne      0   a0eng d</controlfield><datafield ind1=" " ind2=" " tag="010"><subfield code="a">sn 85050913 </subfield></datafield><datafield ind1=" " ind2=" " tag="040"><subfield code="a">INP</subfield><subfield code="b">eng</subfield><subfield code="c">INP</subfield><subfield code="d">OCLCQ</subfield><subfield code="d">DLC</subfield><subfield code="d">OCLCF</subfield></datafield><datafield ind1="0" ind2=" " tag="022"><subfield code="a">2375-3358</subfield><subfield code="2">1</subfield></datafield><datafield ind1="1" ind2=" " tag="029"><subfield code="a">AU@</subfield><subfield code="b">000025789672</subfield></datafield><datafield ind1=" " ind2=" " tag="042"><subfield code="a">msc</subfield><subfield code="a">nsdp</subfield></datafield><datafield ind1=" " ind2=" " tag="043"><subfield code="a">n-us-ia</subfield></datafield><datafield ind1="0" ind2="0" tag="050"><subfield code="a">Newspaper</subfield></datafield><datafield ind1="0" ind2="0" tag="082"><subfield code="a">071</subfield><subfield code="2">23</subfield></datafield><datafield ind1="0" ind2=" " tag="130"><subfield code="a">Webster City freeman (1884)</subfield></datafield><datafield ind1=" " ind2="0" tag="222"><subfield code="a">Webster City freeman</subfield><subfield code="b">(1884. Print)</subfield></datafield><datafield ind1="1" ind2="0" tag="245"><subfield code="a">Webster City freeman.</subfield></datafield><datafield ind1="1" ind2="3" tag="246"><subfield code="a">Freeman</subfield></datafield><datafield ind1=" " ind2=" " tag="250"><subfield code="a">Weekly ed.</subfield></datafield><datafield ind1=" " ind2=" " tag="260"><subfield code="a">Webster City, Hamilton County, Iowa :</subfield><subfield code="b">Hunter &amp; Smith,</subfield><subfield code="c">1884-</subfield></datafield><datafield ind1=" " ind2=" " tag="300"><subfield code="a">v. :</subfield><subfield code="b">ill. ;</subfield><subfield code="c">59-65 cm.</subfield></datafield><datafield ind1=" " ind2=" " tag="310"><subfield code="a">Semiweekly,</subfield><subfield code="b">Nov. 5, 1934-July 1, 1946</subfield></datafield><datafield ind1=" " ind2=" " tag="321"><subfield code="a">Weekly,</subfield><subfield code="b">June 18, 1884-Oct. 29, 1934</subfield></datafield><datafield ind1="0" ind2=" " tag="362"><subfield code="a">Vol. 26, no. 1 (June 18, 1884)-</subfield></datafield><datafield ind1="1" ind2=" " tag="362"><subfield code="a">Ceased July 1, 1946.</subfield><subfield code="z">Cf. Bibl. of Iowa newspapers.</subfield></datafield><datafield ind1=" " ind2=" " tag="500"><subfield code="a">Publisher varies.</subfield></datafield><datafield ind1=" " ind2=" " tag="500"><subfield code="a">Official Hamilton County paper.</subfield></datafield><datafield ind1=" " ind2=" " tag="500"><subfield code="a">Editors: J.D. Hunter, June 18, 1884-July 1, 1885; W.F. Hunter, Aug. 13, 1907-Oct. 16, 1917.</subfield></datafield><datafield ind1=" " ind2=" " tag="525"><subfield code="a">Includes occasional supplements.</subfield></datafield><datafield ind1=" " ind2=" " tag="530"><subfield code="a">Archived issues are available in digital format from the Library of Congress Chronicling America online collection.</subfield></datafield><datafield ind1=" " ind2="0" tag="651"><subfield code="a">Webster City (Iowa)</subfield><subfield code="v">Newspapers.</subfield></datafield><datafield ind1=" " ind2="7" tag="655"><subfield code="a">Newspapers.</subfield><subfield code="2">fast</subfield><subfield code="0">(OCoLC)fst01423814</subfield></datafield><datafield ind1=" " ind2="7" tag="651"><subfield code="a">Iowa</subfield><subfield code="z">Webster City.</subfield><subfield code="2">fast</subfield><subfield code="0">(OCoLC)fst01227491</subfield></datafield><datafield ind1=" " ind2=" " tag="752"><subfield code="a">United States</subfield><subfield code="b">Iowa</subfield><subfield code="c">Hamilton</subfield><subfield code="d">Webster City.</subfield></datafield><datafield ind1="0" ind2=" " tag="775"><subfield code="t">Webster City daily freeman</subfield><subfield code="w">(DLC)sn 85050938</subfield><subfield code="g">Nov. 9, 1894-&lt;Dec. 31, 1896&gt;</subfield><subfield code="w">(OCoLC)12619378</subfield></datafield><datafield ind1="0" ind2=" " tag="775"><subfield code="t">Daily freeman-tribune</subfield><subfield code="w">(DLC)sn 85050914</subfield><subfield code="g">&lt;Nov. 14, 1899&gt;-Oct. 13, 1917</subfield><subfield code="w">(OCoLC)12565527</subfield></datafield><datafield ind1="0" ind2=" " tag="775"><subfield code="t">Daily freeman-journal</subfield><subfield code="w">(DLC)sn 85050935</subfield><subfield code="g">Oct. 15,1917-1946</subfield><subfield code="w">(OCoLC)12619435</subfield></datafield><datafield ind1="0" ind2="8" tag="776"><subfield code="i">Online version:</subfield><subfield code="t">Webster City freeman (1884 : Online)</subfield><subfield code="x">2375-3366</subfield><subfield code="w">(DLC)  2014218631</subfield><subfield code="w">(OCoLC)892541512</subfield></datafield><datafield ind1="0" ind2=" " tag="777"><subfield code="t">Webster City tribune</subfield><subfield code="w">(DLC)sn 85050860</subfield><subfield code="g">Nov. 10, 1899-&lt;Dec. 29, 1916&gt;</subfield><subfield code="w">(OCoLC)12565193</subfield></datafield><datafield ind1="0" ind2=" " tag="777"><subfield code="t">Webster City journal</subfield><subfield code="w">(DLC)sn 85050934</subfield><subfield code="g">Oct. 18, 1917-&lt;Dec. 29, 1926&gt;</subfield><subfield code="w">(OCoLC)12619386</subfield></datafield><datafield ind1="0" ind2="0" tag="780"><subfield code="t">Hamilton freeman (Webster City, Iowa : 1872)</subfield><subfield code="w">(DLC)sn 84038470</subfield><subfield code="w">(OCoLC)11320178</subfield></datafield><datafield ind1="4" ind2="1" tag="856"><subfield code="u">http://www.loc.gov/chroniclingamerica/lccn/sn85050913/issues</subfield></datafield></record>